@book{hull2012risk,
  title={Risk Management and Financial Institutions,+ Web Site},
  author={John Hull},
  volume={733},
  year={2012},
  publisher={John Wiley \& Sons}
}

@book{MatthewsThompson2008Banking,
  title={The Economics of Banking},
  author={Kent Matthews and John Thompson},
  year={2008},
  edition={second},
  publisher={John Wiley \& Sons}
}

@book{RestiSironi2007Banking,
  title={Risk Management and Shareholders' Value in Banking: From Risk Measurement Models to Capital Allocation Policies},
  author={Andrea Resti and Adrea Sironi},
  year={2007},
  publisher={John Wiley \& Sons}
}

@book{Basel2006Supervision,
  title="International Convergence of Capital Measurement and Capital Standards – A Revised Framework – Comprehensive Version",
  author="{Basel Committee on Banking Supervision}",
  year="2006",
  month="June",
  address="Basel",
  publisher="Bank of International Settlements"
}
